<?xml version="1.0" encoding="UTF-8"?>
<collection xmlns:xsi="http://www.w3.org/2001/XMLSchema-instance" xsi:schemaLocation="http://www.loc.gov/MARC21/slim http://www.loc.gov/standards/marcxml/schema/MARC21slim.xsd" xmlns="http://www.loc.gov/MARC21/slim">
<record>
  <leader>01020cam a22002654a 4500</leader>
  <controlfield tag="001">3368391</controlfield>
  <controlfield tag="003">NNC</controlfield>
  <controlfield tag="005">20130426163907.0</controlfield>
  <controlfield tag="008">990127m19111933sy            000 0 arard</controlfield>
  <datafield tag="035" ind1=" " ind2=" ">
    <subfield code="a">(OCoLC)40688295</subfield>
  </datafield>
  <datafield tag="035" ind1=" " ind2=" ">
    <subfield code="a">(OCoLC)ocm40688295</subfield>
  </datafield>
  <datafield tag="035" ind1=" " ind2=" ">
    <subfield code="9">AVD2999CU</subfield>
  </datafield>
  <datafield tag="035" ind1=" " ind2=" ">
    <subfield code="a">(NNC)3368391</subfield>
  </datafield>
  <datafield tag="040" ind1=" " ind2=" ">
    <subfield code="a">INU</subfield>
    <subfield code="c">INU</subfield>
    <subfield code="d">CGU</subfield>
    <subfield code="d">CStRLIN</subfield>
  </datafield>
  <datafield tag="043" ind1=" " ind2=" ">
    <subfield code="a">a-sy---</subfield>
  </datafield>
  <datafield tag="100" ind1="1" ind2=" ">
    <subfield code="a">Ibn ʻAsākir, ʻAlī ibn al-Ḥasan,</subfield>
    <subfield code="d">1105-1176.</subfield>
  </datafield>
  <datafield tag="240" ind1="1" ind2="0">
    <subfield code="a">Tārīkh madīnat Dimashq</subfield>
  </datafield>
  <datafield tag="245" ind1="1" ind2="0">
    <subfield code="a">Tahdhīb al-tārīkh Ibn ʻAsākir /</subfield>
    <subfield code="c">hathabahu wa-ratabahu, ʻAbd al-Qādir ibn Aḥmad ibn Muṣṭafá ʻAbd al-Rḥīm ibn Muḥammad al-Dūmī al-Dimashqī al-Ḥanbalī al-maʻrūf bi-Ibn Badrān.</subfield>
  </datafield>
  <datafield tag="246" ind1="1" ind2=" ">
    <subfield code="i">Vols. 2-5 have title:</subfield>
    <subfield code="a">Tārīkh al-kabīr</subfield>
  </datafield>
  <datafield tag="250" ind1=" " ind2=" ">
    <subfield code="a">al-Ṭabaʻah 1.</subfield>
  </datafield>
  <datafield tag="260" ind1=" " ind2=" ">
    <subfield code="a">Dimashq :</subfield>
    <subfield code="b">Maktabah al-ʻArabīyah,</subfield>
    <subfield code="c">1911-1932 or 33.</subfield>
  </datafield>
  <datafield tag="300" ind1=" " ind2=" ">
    <subfield code="a">7 v. in 4 ;</subfield>
    <subfield code="c">24 cm.</subfield>
  </datafield>
  <datafield tag="651" ind1=" " ind2="0">
    <subfield code="a">Damascus (Syria)</subfield>
    <subfield code="x">History.</subfield>
  </datafield>
  <datafield tag="651" ind1=" " ind2="0">
    <subfield code="a">Damascus (Syria)</subfield>
    <subfield code="v">Biography.</subfield>
  </datafield>
  <datafield tag="700" ind1="1" ind2=" ">
    <subfield code="a">Badrān, ʻAbd al-Qādir,</subfield>
    <subfield code="d">-1927.</subfield>
  </datafield>
  <datafield tag="955" ind1=" " ind2=" ">
    <subfield code="b">0315333590</subfield>
    <subfield code="d">glx</subfield>
    <subfield code="e">893.7112 Ib59</subfield>
    <subfield code="v">v.1</subfield>
  </datafield>
</record>
</collection>